@article{Michel2012,
  author = {Michel, Christoph M. and Murray, Micah M.},
  title = {Towards the utilization of EEG as a brain imaging tool},
  journal = {NeuroImage},
  year = {2012},
  volume = {61},
  number = {2},
  pages = {371--385},
  doi = {10.1016/j.neuroimage.2011.12.039}
}

@article{Lawhern2018,
  author = {Lawhern, Vernon J. and others},
  title = {EEGNet: A compact CNN for EEG-based BCI},
  journal = {Journal of Neural Engineering},
  year = {2018},
  volume = {15},
  pages = {056013},
  doi = {10.1088/1741-2552/aace8c}
}

@article{Jayaram2018,
  author = {Jayaram, Vinay and Barachant, Alexandre},
  title = {MOABB: Trustworthy algorithm benchmarking for BCIs},
  journal = {Journal of Neural Engineering},
  year = {2018},
  volume = {15},
  pages = {066011},
  doi = {10.1088/1741-2552/aadea0}
}

@article{Markram2015,
  author = {Markram, Henry and others},
  title = {Reconstruction and simulation of neocortical microcircuitry},
  journal = {Cell},
  year = {2015},
  volume = {163},
  pages = {456--492},
  doi = {10.1016/j.cell.2015.09.029}
}

@article{Grossman2017,
  author = {Grossman, Nir and others},
  title = {Noninvasive deep brain stimulation via temporally interfering electric fields},
  journal = {Cell},
  year = {2017},
  volume = {169},
  pages = {1029--1041},
  doi = {10.1016/j.cell.2017.05.024}
}

@article{Willett2021,
  author = {Willett, Frank R. and others},
  title = {High-performance brain-to-text communication by decoding imagined handwriting},
  journal = {Nature},
  year = {2021},
  volume = {593},
  pages = {249--254},
  doi = {10.1038/s41586-021-03506-2}
}


